<record><leader>00000cas a2200000 a 4500</leader><controlfield tag="001">6028176</controlfield><controlfield tag="008">800227d19181923nyudn ne      0   a0eng c</controlfield><datafield ind1=" " ind2=" " tag="010"><subfield code="a">sn 84031893 </subfield></datafield><datafield ind1=" " ind2=" " tag="040"><subfield code="a">YQR</subfield><subfield code="b">eng</subfield><subfield code="c">YQR</subfield><subfield code="d">NYG</subfield><subfield code="d">DLC</subfield><subfield code="d">NYS</subfield><subfield code="d">DLC</subfield><subfield code="d">OCLCQ</subfield><subfield code="d">OCLCF</subfield><subfield code="d">OCLCO</subfield><subfield code="d">DLC</subfield><subfield code="d">HUL</subfield></datafield><datafield ind1="0" ind2=" " tag="022"><subfield code="a">2469-9578</subfield><subfield code="l">2469-9578</subfield><subfield code="2">1</subfield></datafield><datafield ind1=" " ind2=" " tag="042"><subfield code="a">pcc</subfield><subfield code="a">nsdp</subfield></datafield><datafield ind1=" " ind2=" " tag="043"><subfield code="a">n-us-ny</subfield></datafield><datafield ind1="0" ind2="0" tag="050"><subfield code="a">Newspaper</subfield></datafield><datafield ind1="1" ind2="0" tag="082"><subfield code="a">071</subfield><subfield code="2">23</subfield></datafield><datafield ind1=" " ind2="0" tag="222"><subfield code="a">Rochester times-union and advertiser</subfield></datafield><datafield ind1="0" ind2="0" tag="245"><subfield code="a">Rochester times-union and advertiser.</subfield></datafield><datafield ind1="1" ind2="3" tag="246"><subfield code="a">Rochester times union</subfield></datafield><datafield ind1=" " ind2=" " tag="260"><subfield code="a">Rochester, N.Y. :</subfield><subfield code="b">Rochester Times Union Inc.,</subfield><subfield code="c">1918-1923.</subfield></datafield><datafield ind1=" " ind2=" " tag="300"><subfield code="a">7 v. :</subfield><subfield code="b">ill. ;</subfield><subfield code="c">56 cm.</subfield></datafield><datafield ind1=" " ind2=" " tag="310"><subfield code="a">Daily (except Sundays and holidays)</subfield></datafield><datafield ind1="0" ind2=" " tag="362"><subfield code="a">Vol. 1, no. 1 (Mar. 12, 1918)-v. 6, no. 6 (Mar. 17, 1923).</subfield></datafield><datafield ind1=" " ind2="0" tag="651"><subfield code="a">Rochester (N.Y.)</subfield><subfield code="v">Newspapers.</subfield></datafield><datafield ind1=" " ind2="7" tag="651"><subfield code="a">New York (State)</subfield><subfield code="z">Rochester.</subfield><subfield code="2">fast</subfield><subfield code="0">(OCoLC)fst01204680</subfield></datafield><datafield ind1=" " ind2="7" tag="655"><subfield code="a">Newspapers.</subfield><subfield code="2">fast</subfield><subfield code="0">(OCoLC)fst01423814</subfield></datafield><datafield ind1=" " ind2=" " tag="752"><subfield code="a">United States</subfield><subfield code="b">New York</subfield><subfield code="c">Monroe</subfield><subfield code="d">Rochester.</subfield></datafield><datafield ind1="0" ind2="4" tag="780"><subfield code="t">Rochester evening times (Rochester, N.Y. : 1910)</subfield><subfield code="x">2469-942X</subfield><subfield code="w">(DLC)sn 88074449</subfield><subfield code="w">(OCoLC)18022542</subfield></datafield><datafield ind1="0" ind2="4" tag="780"><subfield code="t">Union and advertiser</subfield><subfield code="x">2469-8717</subfield><subfield code="w">(DLC)sn 84035756</subfield><subfield code="w">(OCoLC)11517250</subfield></datafield><datafield ind1="0" ind2="0" tag="785"><subfield code="t">Rochester times-union</subfield><subfield code="x">2469-9586</subfield><subfield code="w">(DLC)sn 84031295</subfield><subfield code="w">(OCoLC)6028108</subfield></datafield><datafield ind1="1" ind2=" " tag="029"><subfield code="a">AU@</subfield><subfield code="b">000020344743</subfield></datafield></record>